@inproceedings{Wagner_ArToolKitPlus2007,
author = {Wagner, Daniel and Schmalstieg, Dieter},
year = {2007},
month = {01},
pages = {},
title = {ARToolKitPlus for Pose Tracking on Mobile Devices},
booktitle={Proceedings of 12th Computer Vision Winter Workshop CVWW07}
}

ï»¿@ARTICLE{Morikawa2021,
    author={Morikawa, Chamin and Kobayashi, Michihiro and Satoh, Masaki and Kuroda, Yasuhiro and Inomata, Teppei and Matsuo, Hitoshi and Miura, Takeshi and Hilaga, Masaki},
    title={Image and video processing on mobile devices: a survey},
    journal={The Visual Computer},
    year={2021},
    month={Jun},
    day={21},
    issn={1432-2315},
    doi={10.1007/s00371-021-02200-8},
    url={https://doi.org/10.1007/s00371-021-02200-8}
}


@INPROCEEDINGS{7929186,
   author={Weerasinghe, Jagath and Polig, Raphael and Abel, Francois and Hagleitner, Christoph},
  booktitle={2016 International Conference on Field-Programmable Technology (FPT)}, 
  title={Network-attached FPGAs for data center applications}, 
  year={2016},
  volume={},
  number={},
  pages={36-43},
  doi={10.1109/FPT.2016.7929186}}

@ARTICLE{WANG2020258,
  author={Xiangwen Wang and Xianghong Lin and Xiaochao Dang},
  title={Supervised learning in spiking neural networks: A review of algorithms and evaluations},
  journal = {Neural Networks}, 
  doi = {https://doi.org/10.1016/j.neunet.2020.02.011},
  year={2020}
}

