% Encoding: UTF-8
% and Jesús Guadalupe Rangel-Turrubiates and  José Manuel Rodrı́guez-Garcı́a and Carlos Eduardo Sánchez Charles",


@techreport{CurlBiceps_UPV_2024,
%  author      = "Alexis Gabriel Saldaña-Carvajal and Marco Aurelio Nuño-Maganda",
  author      = "Diego Alexis Ortiz-Vázquez and Marco Aurelio Nuño-Maganda",
  title       = "Aplicación Móvil para la detección de Curl de Bíceps",
  institution = "Universidad Politécnica de Victoria",
  year        = "2024",
  type        = "Informe técnico proyecto de asignatura ``Programación Móvil''" 
}

@techreport{ConteoSentadillas_UPV_2024,
  author      = "Diego Alexis Ortiz-Vázquez and Marco Aurelio Nuño-Maganda",
  title       = {{Contador de sentadillas utilizando MediaPipe}},
  institution = "Universidad Politécnica de Victoria",
  year        = "2024",
  type        = "Informe técnico proyecto de asignatura ``Programación Móvil''" 
}



@techreport{ MarcoNuno_ReporteTecnico2024,
	AUTHOR = "Yahir Hernández-Mier and Marco Aurelio Nuño-Maganda and Said Polanco-Martagón",
	TITLE = "{Detección Automática de Respuestas en Exámenes de Opción Múltiple de Nivel Medio Superior usando Visión por Computadora}",
	YEAR = "2023",
	month = aug,
    type= "Reporte de Proyecto en Curso" 
}


% Unidad 1 - Equipo
@techreport{AppSegmentaCromosomas_SistemasInteligentes_UPV_2023,
  author      = "Nubia Esmeralda Cantú-Sánchez and Mauricio Hernández-Cepeda and Yanel Azucena Mireles-Sena and Lorena Marisol Romero-Hernández", 
  title       = "Chromosome Segmentor App",
  institution = "Universidad Politécnica de Victoria",
  year        = "2023",
  type        = "Informe técnico proyecto de asignatura ``Programación Móvil''" 
}


% Unidad 2 - Equipo
@techreport{AppComidaTamaulipeca_SistemasInteligentes_UPV_2023,
  author      = "Jonathan Canales-Puga and Vanessa Itzaiana García-Cervantes and José Andrik Martínez Rodríguez and Francisco Gael Sustaita Reyna", 
  title       = "Aplicación de Detección de Comida Tamaulipeca",
  institution = "Universidad Politécnica de Victoria",
  year        = "2023",
  type        = "Informe técnico proyecto de asignatura ``Programación Móvil''" 
}

% Capitulo de Libro
@incollection{MarcoNuno_CongArbEsp_2021_10_02,
  author      = {\textbf{M. A. Nuño-Maganda} and Jorge Arturo Hernández-Almazán and Yahir Hernández-Mier and Said Polanco-Martagón},
  title       = {Sistema de Análisis de Asistencia a Clases en Línea},
  editor      = "Etelvina Archundia-Sierra and Miguel Ángel León-Chávez and Carmen Cerón-Garnica",
  booktitle   = "Desafío de la investigación en tecnologías para la educación",
  publisher   = "Benemérita Universidad Autónoma de Puebla",
  address     = "Puebla, Puebla, México",
  year        = 2021,
  month       = 10,
  pages       = "180-194",
  chapter     = 14
}


@Article{MarcoNuno_Revista_2023_09_00,
    AUTHOR = {\textbf{M. A. Nuño-Maganda} and Ismael Antonio Dávila-Rodríguez  and Yahir Hernández-Mier  and José Hugo Barrón-Zambrano  and Juan Carlos Elizondo-Leal  and Alan Díaz-Manriquez  and Said Polanco-Martagón},
    TITLE = {Real-Time Embedded Vision System for Online Monitoring and Sorting of Citrus Fruits},
    JOURNAL = {Electronics},
    VOLUME = {12},
    YEAR = {2023},
    NUMBER = {18},
    month = {9},
    ARTICLE-NUMBER = {3891},
    URL = {https://www.mdpi.com/2079-9292/12/18/3891},
    ISSN = {2079-9292},
    DOI = {10.3390/electronics12183891},
    note = "{\url{https://www.mdpi.com/2079-9292/12/18/3891}}"
}



@techreport{GerminadorAutomatico_EstadiasMecatronica_UPV_2024XX,
  author      = "\textbf{M. A. Nuño-Maganda} and Lessly Gabriela Galván-Villanueva and Angel David Mendoza-Valdez and Yahir Hernández-Mier and Said Polanco-Martagón",
  title       = "Diseño de un sistema de germinación automático monitoreado de manera remota usando visión por computadora",
  institution = "Universidad Politécnica de Victoria",
  year        = "2023",
  type        = "Proyecto de Estadía de Ingeniería en Mecatrónica" 
}


@Article{GerminadorAutomatico_EstadiasMecatronica_UPV_2024,
	AUTHOR = {\textbf{M. A. Nuño-Maganda} and Yahir Hernandez-Mier and Angel David Mendoza-Valdez and Lessly Gabriela Galván-Villanueva and Said Polanco-Martagón},
	TITLE = "{Sistema de monitoreo remoto de humedad, temperatura y estado de los brotes en un germinador automático}",
	YEAR = "2024",
	month = {12},
	JOURNAL = "Elektron",
	VOLUME = "8",
    number = {2},
    doi = {10.37537/rev.elektron.8.2.196.2024},
	note = "{\textbf{{ISSN: 2525-0159}}}"
}




@techreport{ClasificadorHabaneros_ProcesadoresDigitales_UPV_2023,
  author      = "Juan Eduardo Rivera López and \textbf{M. A. Nuño-Maganda} and Yahir Hernández-Mier and Said Polanco-Martagón",
  title       = "Clasificación de la madurez de chiles habaneros usando aprendizaje automático",
  institution = "Universidad Politécnica de Victoria",
  year        = "2023",
  type        = "Informe técnico proyecto de asignatura ``Procesadores Digitales''" 
}




@techreport{AplicacionMovilManoRobotica_SistemasInteligentes_UPV_2023,
  author      = "Kency Marisol Saldaña Martínez  and César Zavala-López and Humberto Erubiel Ortega-Lujano and Jose Alan Gonzalez-Perales and Anibal Gonzalez-Tovar",
  title       = "Aplicación móvil para el seguimiento de puntos caraterísticos de una mano y la visualización simultánea de su modelo 3D",
  institution = "Universidad Politécnica de Victoria",
  year        = "2023",
  type        = "Informe técnico proyecto de asignatura ``Programación Móvil''" 
}


@techreport{IdentificadorGeneroEspectrogramas_SistemasInteligentes_UPV_2024,
  author      = "Melchor Hernández-Diaz and Jesús Antonio Barbosa-Rodriguez and Ximena Abigail Moreno-Ledesma and Juan Daniel Torres-Colorado",
  title       = "Identificador de Genero Mediante Imágenes de Espectrogramas",
  institution = "Universidad Politécnica de Victoria",
  year        = "2024",
  type        = "Informe técnico proyecto de asignatura ``Sistemas Inteligentes''" 
}





@techreport{ConteoMonedasAppMovil_SistemasInteligentes_UPV_2023,
  author      = "Alex Guillermo Castillo-Nava and Humberto Erubiel Ortega-Lujano and Francisco Gael Sustaita-Reyna",
  title       = "Asistente Movil para el Conteo Rápido de Monedas",
  institution = "Universidad Politécnica de Victoria",
  year        = "2023",
  type        = "Informe técnico proyecto de asignatura ``Programación Móvil''" 
}

@techreport{ConteoMonedasEscritorio_SistemasInteligentes_UPV_2024,
  author      = "Adrián Alejandro Ruiz-Marquez and Brayan Olivares-Rodríguez and Ana Cecilia Rodríguez-Chávez and Javier Martin Palmero-Torres",
  title       = "Aplicación de Escritorio para Conteo de Monedas",
  institution = "Universidad Politécnica de Victoria",
  year        = "2024",
  type        = "Informe técnico proyecto de asignatura ``Sistemas Inteligentes''" 
}



@techreport{DetecciónAlimentosEnAlbercas_SistemasInteligentes_UPV_2024,
  author      = "Mario Coyoy-López and Aldo de Jesus Peña-Cuellar and Jesus David Treviño-Gandarilla and Javier Martin Palmero-Torres",
  title       = "Detección de Consumo de Alimentos en Personas cercanas a una Alberca",
  institution = "Universidad Politécnica de Victoria",
  year        = "2024",
  type        = "Informe técnico proyecto de asignatura ``Sistemas Inteligentes''" 
}

@techreport{PaseListasCodigoQRFaceDetection_SistemasInteligentes_UPV_2024,
  author      = "Brayan Olivares-Rodríguez and Omar Alejandro Pérez-Reyes and Ana Cecilia Rodríguez-Chávez and Alejandra Carolina Rodríguez-Porras",
  title       = "Pase de Lista con Código QR y Reconocimiento de personas",
  institution = "Universidad Politécnica de Victoria",
  year        = "2024",
  type        = "Informe técnico proyecto de asignatura ``Sistemas Inteligentes''" 
}



@techreport{DetectorMotos_SistemasInteligentes_UPV_2024,
  author      = "Abraham Isai Cantú-Sánchez and  José Guadalupe Martínez-Herrera and Aldo de Jesus Peña-Cuellar and  Jesús David Treviño Gandarilla",
  title       = "Detector de Vehiculos y Motos",
  institution = "Universidad Politécnica de Victoria",
  year        = "2024",
  type        = "Informe técnico proyecto de asignatura ``Sistemas Inteligentes''" 
}

@techreport{ConteoNaranjasArboles_UPV_2024,
  author      = "Omar Alejandro Pérez-Reyes and Mario Coyoy-López and Dafne Patricia Moreno-Flores and Ramon Uriel Hernández-Sánchez",
  title       = "Aplicación PyQt6 para el Conteo en Tiempo Real: Un Caso de Estudio con Detección de Naranjas",
  institution = "Universidad Politécnica de Victoria",
  year        = "2024",
  type        = "Informe técnico proyecto de asignatura ``Sistemas Inteligentes''" 
}

@Article{MarcoNuno_CongArbEsp_2014_09_02,
	author = "Luis Rodolfo García-García and \textbf{M. A. Nuño-Maganda} and Yahir Hernández-Mier",
	title = "{Detección de Llantas Basada en Imágenes}",
	journal = "{Avances en Tecnologías de la Información, Mecatrónica y Tecnología de los Materiales}",
	year = "2014",
	pages = "39--42",
	month = 9,
	note = "{\textbf{{ISBN: 978-607-00-8778-3}}}"
}


@techreport{MapaRealidadVirtual_UPV_2022,
  author      = "Eymi Lizeth Andrade-Martinez and Edson Jair Hernández-Garza and Oscar Esteban Infante-González and José Luis Leal Requena and Pablo Nahúm Ochoa-Morales and Jesús Guadalupe Rangel-Turrubiates and José Manuel Rodríguez-García and Carlos Eduardo Sánchez-Charles",
  title       = "Desarrollo de una app móvil de realidad aumentada de la Universidad Politécnica de Victoria",
  institution = "Universidad Politécnica de Victoria",
  year        = "2022",
  type        = "Informe técnico proyecto de asignatura ``Cómputo en Dispositivos Móviles''" 
}


@techreport{MapaRealidadVirtual_UPV_2022X,
  author      = "Marlly Yuleth Cantú-Charles and María Fernanda Coronado-Alejos and Daniela Estefanía Huerta-Vázquez and Annel Fernanda Uresti-Barrón and Marco Aurelio Nuño-Maganda and Yahir Hernández-Mier",
  title       = "Aplicación de Visión por Computadora y Análisis de Texto para Detección de Plagio en Reportes de Proyectos",
  institution = "Universidad Politécnica de Victoria",
  year        = "2022",
  type        = "Informe técnico proyecto de asignatura ``Programación Móvil''" 
}


@techreport{Plagio_Marlly2022,
  author      = "Marlly Yuleth Cantú-Charles and María Fernanda Coronado-Alejos and Daniela Estefanía Huerta-Vázquez and Annel Fernanda Uresti-Barrón and Marco Aurelio Nuño-Maganda and Yahir Hernández-Mier",
  title       = "Aplicación de Visión por Computadora y Análisis de Texto para Detección de Plagio en Reportes de Proyectos",
  institution = "Universidad Politécnica de Victoria",
  year        = "2022",
  type        = "Informe técnico proyecto de asignatura ``Programación Móvil''" 
}


@techreport{Escanner3D_Aleman2022,
  author      = "Axel Issai Alemán-Delgado and Isaac De Jesús Becerra-Martínez and Karen Lizeth García-Rivera and Daniela Estefanía Huerta-Vázquez and Didre Dayan Mota-González and Carlos Alejandro Reyes-Puga and Marco Aurelio Nuño-Maganda",
  title       = "Integración de un escanner 3D con sensores ultrasónicos y una aplicación móvil para visualización de modelos tridimensionales",
  institution = "Universidad Politécnica de Victoria",
  year        = "2022",
  type        = "Informe técnico proyecto de asignatura ``Programación Móvil''" 
}



@techreport{BrazoRobot_Uriegas2022,

  author      = "Dino Tonatiuh Gutierrez-Martinez and Marlly Yuleth Cantú-Charles and Jesus Eduardo Uriegas-Ibarra an Marco Aurelio Nuño-Maganda",
  title       = "Simulación de brazo robótico en dispositivos móviles utilizando OpenGL ES",
  institution = "Universidad Politécnica de Victoria",
  year        = "2022",
  type        = "Informe técnico proyecto de asignatura ``Programación Móvil''" 
}

@techreport{MarcoNuno_Revista_2022_10_00,
  author      = "Dino Tonatiuh Gutiérrez-Martínez and Orlando Samuel Martínez-Dorantes and Juan José Torres-Grimaldo and Adriana Palmero-Torres and Ana Karen Echartea-Juárez and Angela Carrizales-Pérez and Osiel Gómez-Flores and Gabriela Robles-Rodríguez and Marco Aurelio Nuño-Maganda",
  title       = "Aplicación móvil para consultar rutas de autobuses urbanos en Ciudad Victoria, Tamaulipas",
  institution = "Universidad Politécnica de Victoria",
  year        = "2022",
  type        = "\textit{Research in Computing Science, Accepted}" 
}


@techreport{ProyectoLSM_2022,
  author      = "Jesús Eduardo Quiñones Mata and Agustín Zavala Arías and José Carlos Ávalos Ruiz and Roberto Eduardo Higuera Sanchez and Marco Aurelio Nuño Maganda and César Torres-Huitzil and Jorge de la Calleja",
  title       = "Mobile App for Mexican sign language recognition using Mediapipe and CNN",
  institution = "Universidad Politécnica de Victoria",
  year        = "2022",
  type        = "\textit{Artículo en preparación}" 
}

@techreport{ProyectoRefrigeradoresFrios_2022,
  author      = "Yahir Hernandez-Mier and Said Polanco Martagon and Marco Aurelio Nuño-Maganda",
  title       = "Monitoreo remoto de refrigeradores y cámaras frías de la red de frío del área de vacunación universal de la Secretaría de Salud de Tamaulipas",
  institution = "Universidad Politécnica de Victoria",
  year        = "2022",
  type        = "\textit{Proyecto Concluido}" 
}



@techreport{ArticuloDavidHidroponia_2022,
  author      = "David Josué Esquivel-Godoy and Marco Aurelio Nuño-Maganda and Yahir Hernandez-Mier and Said Polanco Martagon",
  title       = "Módulos de supervisión y automatización de un sistema hidropónico mediante lógica difusa y visión por computadora",
  institution = "Universidad Politécnica de Victoria",
  year        = "2022",
  type        = "\textit{Artículo en evaluación}" 
}


﻿@Article{MarcoNuno_Revista_2022_03_00,
author={Nu{\~{n}}o-Maganda, Marco Aurelio
and Jim{\'e}nez-Arteaga, Josu{\'e} Hel{\'i}
and Barron-Zambrano, Jose Hugo
and Hern{\'a}ndez-Mier, Yahir
and Elizondo-Leal, Juan Carlos
and D{\'i}az-Manr{\'i}quez, Alan
and Torres-Huitzil, Cesar
and Polanco-Martag{\'o}n, Said},
title={Implementation and integration of image processing blocks in a real-time bottle classification system},
journal={Scientific Reports},
year={2022},
month={Mar},
day={22},
volume={12},
number={1},
pages={4868},
issn={2045-2322},
doi={10.1038/s41598-022-08777-x},
url={https://doi.org/10.1038/s41598-022-08777-x},
note = "{\url{https://doi.org/10.1038/s41598-022-08777-x}}"
}




@Article{MarcoNuno_Revista_2020_11_00,
AUTHOR = {Elizondo-Leal, Juan Carlos and Ramirez-Torres, José Gabriel and Barrón-Zambrano, Jose Hugo and Diaz-Manríquez, Alan and Nuño-Maganda, Marco Aurelio and Saldivar-Alonso, Vicente Paul},
TITLE = {Parallel Raster Scan for Euclidean Distance Transform},
JOURNAL = {Symmetry},
VOLUME = {12},
YEAR = {2020},
NUMBER = {11},
ARTICLE-NUMBER = {1808},
URL = {https://www.mdpi.com/2073-8994/12/11/1808},
ISSN = {2073-8994},
month = {nov},
DOI = {10.3390/sym12111808},
note = "{\url{https://doi.org/10.3390/sym12111808}}"

}

@Article{MarcoNuno_Revista_2020_10_00,
AUTHOR = {Hernández-Ordoñez, Martín and Nuño-Maganda, Marco Aurelio and Calles-Arriaga, Carlos Adrián and Rodríguez-León, Abelardo and Ovando-Chacon, Guillermo Efren and Salazar-Hernández, Rolando and Montaño-Rivas, Omar and Canseco-Cortinas, José Margarito},
TITLE = {Medical Assistant Mobile Application for Diabetes Control by Simulating a Compartmental Model},
JOURNAL = {Applied Sciences},
VOLUME = {10},
YEAR = {2020},
NUMBER = {19},
ARTICLE-NUMBER = {6846},
URL = {https://www.mdpi.com/2076-3417/10/19/6846},
ISSN = {2076-3417},
month = {oct},
DOI = {10.3390/app10196846},
note = "{\url{https://doi.org/10.3390/app10196846}}"
}



@Article{MarcoNuno_Revista_2020_04_00,
	AUTHOR = {Yahir Hern{\'a}ndez-Mier and Marco A. Nu{\~n}o-Maganda and Said Polanco-Martag{\'o}n and Mar{\'i}a del Refugio Garc{\'i}a Ch{\'a}vez},
	TITLE = {{Machine Learning Classifiers Evaluation for Automatic Karyogram Generation from G-Banded Metaphase Images}},
	journal = "Applied Sciences",
     number= {8},
	VOLUME = {10},
	YEAR = {2020},
	month = {apr},
	note = "{\url{https://doi.org/10.3390/app10082758}, Article ID: \textbf{applsci-759087}, \textbf{\underline{ISSN: 2076-3417}}}",
}

@Article{ MarcoNuno_Revista_2010_04_00,
	AUTHOR = "\textbf{Marco Aurelio Nu{\~n}o-Maganda} and C{\'e}sar Torres-Huitzil and Miguel Arias-Estrada",
	TITLE = "{Population Coding and SpikeProp Hardware Accelerator for Spiking Neural Networks}",
	YEAR = "2010",
	month = {apr},
	JOURNAL = "Research in Computing Science, Advances in Computer Science and Engineering",
	VOLUME = "45",
	EDITOR = "Mart{\'i}nez Miguel and Alarc{\'o}n Antonio",
	note = "{\textbf{\underline{ISSN: 1870-4069}}}",
	PAGES = "145--156"
}

@Article{ MarcoNuno_Revista_2010_09_00,
	AUTHOR = "\textbf{Marco Aurelio Nu{\~n}o-Maganda} and C{\'e}sar Torres-Huitzil",
	TITLE = "{A Temporal Coding Hardware Implementation for Spiking Neural Networks}",
	YEAR = "2010",
	JOURNAL = "ACM SIGARCH Computer Architecture News",
	VOLUME = "38",
	NUMBER = "4",
	month = {sep},
	note = "{\url{https://doi.org/10.1145/1926367.1926369}, \textbf{\underline{ISSN: 0163-5964}}}",
	PAGES = "2--7"
}

@Article{ MarcoNuno_Revista_2011_06_00,
	author = "Carlos Polanco-Gonz{\'a}lez and \textbf{Marco Aurelio Nu{\~n}o-Maganda} and Miguel Arias-Estrada and Gabriel del R{\'i}o",
	journal = "PLoS ONE",
	publisher = "Public Library of Science",
	title = "{An FPGA Implementation to Detect Selective Cationic Antibacterial Peptides}",
	year = "2011",
	month = {jun},
	volume = "6",
	pages = "e21399",
	number = "6",
	note = "{\url{https://doi.org/10.1371/journal.pone.0021399}, \textbf{\underline{ISSN: 1932-6203, Indexado SCI}}}",
	doi = "10.1371/journal.pone.0021399"
}

@Article{ MarcoNuno_Revista_2012_09_00,
	author = "Marco Delgadillo-Escobar and C{\'e}sar Torres-Huitzil and \textbf{Marco Aurelio Nu{\~n}o-Maganda}",
	journal = "IEICE Electronics Express",
	title = "{Comparison between 2D cellular automata based pseudorandom number generators}",
	year = "2012",
	month = {sep},
	volume = "9",
	number = "17",
	pages = "1391--1396",
	note = "{\url{https://doi.org/10.1587/elex.9.1391}, \textbf{\underline{ISSN:1349-2543, Indexado SCI}}}"
}

@Article{ MarcoNuno_Revista_2014_10_00,
	author = "C{\'e}sar Torres-Huitzil and \textbf{Marco Aurelio Nu{\~n}o-Maganda}",
	journal = "ACM SIGARCH Computer Architecture News",
	title = "{Area-time efficient implementation of local adaptive image
thresholding in reconfigurable hardware}",
	year = "2014",
	month = {sep},
	volume = "42",
	number = "4",
	pages = "33--38",
	note = "{\url{https://doi.org/10.1145/2693714.2693721}, \textbf{\underline{ISSN: 0163-5964}}}",
}


@Article{ MarcoNuno_Revista_2018_02_00,
	author = "Heidy Marisol Mar{\'i}n-Castro and Victor Sosa and \textbf{Marco Aurelio Nu{\~n}o-Maganda}",
	journal = "IEEE Latin America Transactions",
	title = "{{Automatic construction of vertical search tools for the Deep Web}}",
	year = "2018",
	month = {feb},
	volume = "16",
	number = "2",
	pages = "574--584",
	note = "{\url{https://doi.org/10.1109/TLA.2018.8327415}, \textbf{\underline{ISSN: 1548-0992}}}",
}

@Article{ MarcoNuno_Revista_2018_03_00,
	author = "Samantha Yasivee Carrizales-Villag{\'o}mez and \textbf{Marco Aurelio Nu{\~n}o-Maganda}  and  Javier Rubio-Loyola",
	journal = "Mobile Information Systems",
	title = "{{A Platform for e-Health Control and Location Services for Wandering Patients}}",
	YEAR = {2018},
	month = {apr},
	VOLUME = {18},
	note = {{\url{https://doi.org/10.1155/2018/8164376}, Article ID: \textbf{8164376}, \textbf{\underline{ISSN: 1875-905X}}}}
}

@Article{MarcoNuno_Revista_2018_07_00,
	AUTHOR = {Nu{\~n}o-Maganda, Marco  Aurelio and Herrera-Rivas, Hiram and Torres-Huitzil, Cesar and Marisol Mar{\'i}n-Castro, Heidy and Coronado-P{\'e}rez, Yuriria},
	TITLE = {{On-Device Learning of Indoor Location for WiFi Fingerprint Approach}},
	JOURNAL = {Sensors},
	VOLUME = {18},
	YEAR = {2018},
	NUMBER = {7},
	month = {jul},
	note = "{\url{https://doi.org/10.3390/s18072202}, Article ID: \textbf{2202}, \textbf{\underline{ISSN: 1424-8220}}}",
}

@Article{MarcoNuno_Revista_2018_08_00,
	AUTHOR = {Mart{\'i}n Hern{\'a}ndez-Ordo{\~n}ez and Marco A. Nu{\~n}o-Maganda and Carlos A. Calles-Arriaga and Omar Monta{\~n}o-Rivas and Karla E. Bautista Hern{\'a}ndez},
	TITLE = {{An Education Application for Teaching Robot Arm Manipulator Concepts Using Augmented Reality}},
	journal = "Mobile Information Systems",
	VOLUME = {2018},
	YEAR = {2018},
	month = {aug},
	note = "{\url{https://doi.org/10.1155/2018/6047034}, Article ID: \textbf{6047034}, \textbf{\underline{ISSN: 1875-905X}}}",
}

@Article{MarcoNuno_Revista_2020_06_00,
  author  = {\textbf{Marco Aurelio Nu{\~n}o-Maganda} and C. {Torres-Huitzil} and Y. {Hernández-Mier} and J. {De La Calleja} and C. C. {Martinez-Gil} and J. H. B. {Zambrano} and A. D. {Manríquez}},
  title   = {Smartphone-Based Remote Monitoring Tool for e-Learning},
  journal = {IEEE Access},
  year    = {2020},
  volume  = {8},
  pages   = {121409-121423},
  month   = {jun},
  note    = {{\url{https://doi.org/10.1109/ACCESS.2020.3005330} \textbf{\underline{ISSN: 2169-3536}}}},
  doi     = {10.1109/ACCESS.2020.3005330},
  url     = {10.1109/ACCESS.2020.3005330},
}

@Comment{jabref-meta: databaseType:bibtex;}
% This file was created with JabRef 2.10.
% Encoding: UTF-8


@InProceedings{MarcoNuno_CongArbIng_2005_09_00,
  Title                    = {{Real-Time FPGA-Based Architecture for Bicubic Interpolation: An Application for Digital Image Scaling}},
  Author                   = {\textbf{Marco Aurelio Nu{\~n}o-Maganda} and Miguel Arias-Estrada},
  Booktitle                = {Proceedings of the 2005 International Conference on Reconfigurable Computing and FPGAs (ReConFig'05) on Reconfigurable Computing and FPGAs},
  Year                     = {2005},

  Address                  = {Puebla, M{\'e}xico},
  Month                    = sep,
  Note                     = {{\url{https://doi.org/10.1109/RECONFIG.2005.34} \underline{ISBN: 0-7695-2456-7}}},
  Pages                    = {1--},
  Publisher                = {IEEE Computer Society},

  Acmid                    = {1115246},
  Doi                      = {10.1109/RECONFIG.2005.34},
  Url                      = {http://dl.acm.org/citation.cfm?id=1114693.1115246}
}

@InProceedings{MarcoNuno_CongArbIng_2003_12_00,
  Title                    = {{Three Video Applications using an FPGA based pyramids implementation: Tracking, Mosaics and Stabilization}},
  Author                   = {\textbf{Marco Aurelio Nu{\~n}o-Maganda} and Miguel Arias-Estrada and Claudia Feregrino-Uribe},
  Booktitle                = {IEEE International Conference on Field Programmable Technology},
  Year                     = {2003},
  Month                    = dec,
  Note                     = {{\url{https://doi.org/10.1109/FPT.2003.1275771} \underline{ISBN: 978-0-7803-8320-3}}},
  Pages                    = {336--339}
}

@InProceedings{MarcoNuno_CongArbIng_2007_02_00,
  Title                    = {{An Efficient Scalable Parallel Hardware Architecture for Multilayer Spiking Neural Networks}},
  Author                   = {\textbf{Marco Aurelio Nu{\~n}o-Maganda} and Miguel Arias-Estrada and C{\'e}sar Torres-Huitzil},
  Booktitle                = {Programmable Logic, 2007. SPL '07. 2007 3rd Southern Conference on},
  Year                     = {2007},
  Month                    = feb,
  Note                     = {{\url{https://doi.org/10.1109/SPL.2007.371742} \underline{ISBN: 1-4244-0606-4}}},
  Pages                    = {167--170},

  Doi                      = {10.1109/SPL.2007.371742},
  Keywords                 = {artificial neural network, biological plausible neuron model, digital spike-based communication scheme, learning phase, microprocessor-based software implementation, multilayer spiking neural network, neural chips, neural net architecture, neural processing, parallel architectures, parallel hardware architecture, recall phase}
}

@InProceedings{MarcoNuno_CongArbIng_2012_08_00,
  Title                    = {{A Hardware Architecture for Image Clustering using Spiking Neural Networks}},
  Author                   = {{\textbf{Marco Aurelio Nu{\~n}o-Maganda}} and Miguel Arias-Estrada and C{\'e}sar Torres-Huitzil and H{\'e}ctor Aviles-Arriaga and Yahir Hern{\'a}ndez-Mier and Miguel Morales-Sandoval},
  Booktitle                = {2012 International Symposium on VLSI},
  Year                     = {2012},
  Month                    = aug,
  Note                     = {{\url{https://doi.org/10.1109/ISVLSI.2012.46} \underline{ISBN: 978-0-7695-4767-1}}},
  Pages                    = {261--266}
}

@InProceedings{MarcoNuno_CongArbIng_2009_06_00,
  Title                    = {{Hardware implementation of spiking neural network classifiers based on backpropagation-based learning algorithms}},
  Author                   = {\textbf{Marco Aurelio Nu{\~n}o-Maganda} and Miguel Arias-Estrada and C{\'e}sar Torres-Huitzil and Bernard Girau},
  Booktitle                = {Proceedings of the 2009 international joint conference on Neural Networks},
  Year                     = {2009},

  Address                  = {Piscataway, NJ, USA},
  Month                    = jun,
  Note                     = {\url{https://doi.org/10.1109/IJCNN.2009.5178912} ISBN: 978-1-4244-3549-4},
  Pages                    = {2318--2325},
  Publisher                = {IEEE Press},
  Series                   = {IJCNN'09},

  Acmid                    = {1704605},
  Location                 = {Atlanta, Georgia, USA},
  Numpages                 = {8},
  Url                      = {http://dl.acm.org/citation.cfm?id=1704555.1704605}
}

@InProceedings{MarcoNuno_CongArbIng_2010_12_00,
  Title                    = {{Using Handel-C for describing Picoprocessor Architectures}},
  Author                   = {{\textbf{Marco Aurelio Nu{\~n}o-Maganda} and C{\'e}sar Torres-Huitzil and Miguel Morales-Sandoval}},
  Booktitle                = {Primer Workshop Mexicano de C{\'o}mputo Reconfigurable y sus Aplicaciones en Educaci{\'o}n e Ingenier{\'i}a},
  Year                     = {2010},
  Month                    = dec,
  Note                     = {\underline{ISBN 987-607-00-3828-0}},
  Pages                    = {60--65}
}

@InProceedings{MarcoNuno_CongArbIng_2012_01_00,
  Title                    = {{Physician software interface for an intelligent glucose monitor}},
  Author                   = {{\textbf{Marco Aurelio Nu{\~n}o-Maganda}} and Yahir Hern{\'a}ndez-Mier and Hiram Herrera-Rivas and Judith Cornejo-Barrera and Eduardo P{\'e}rez-Lainez},
  Booktitle                = {Circuits and Systems for Medical and Environmental Applications Workshop (CASME)},
  Year                     = {2012},
  Month                    = jan,
  Note                     = {{\underline{Publicado}}}
}

@InProceedings{MarcoNuno_CongArbIng_2009_04_00,
  Title                    = {{A population coding hardware architecture for Spiking Neural Networks applications}},
  Author                   = {{\textbf{Marco Aurelio Nu{\~n}o-Maganda} and Miguel Arias-Estrada and C{\'e}sar Torres-Huitzil and Bernard. Girau}},
  Booktitle                = {Programmable Logic, 2009. SPL. 5th Southern Conference on},
  Year                     = {2009},
  Month                    = apr,
  Note                     = {\url{https://doi.org/10.1109/SPL.2009.4914919} \underline{ISBN: 978-1-4244-3846-4}},
  Pages                    = {83--88},

  Doi                      = {10.1109/SPL.2009.4914919},
  Keywords                 = {computer architecture, encoding, field programmable gate arrays, FPGA, Gaussian processes, Gaussian receptive fields, high-performance hardware architecture, neural chips, population information coding, random dataset, SpikeProp algorithm, spiking neural network}
}

@InProceedings{MarcoNuno_CongArbIng_2010_04_00,
  Title                    = {{A Temporal Coding Hardware Implementation for Spiking Neural Networks}},
  Author                   = {{\textbf{Marco Aurelio Nu{\~n}o-Maganda}} and C{\'e}sar Torres-Huitzil},
  Booktitle                = {International workshop on Highly- Efficient Accelerators and Reconfigurable Technologies (HEART2010)},
  Year                     = {2010},
  Month                    = apr,
  Pages                    = {11--17}
}

@InProceedings{MarcoNuno_CongArbIng_2011_10_00,
  Title                    = {{A High Performance Hardware Architecture for Image Clustering using K-Means}},
  Author                   = {{\textbf{Marco Aurelio Nu{\~n}o-Maganda}} and C{\'e}sar Torres-Huitzil and Miguel Arias-Estrada},
  Booktitle                = {Proceedings 2011 World Congress on Engineering and Technology},
  Year                     = {2011},
  Month                    = oct,
  Note                     = {\underline{ISBN: 978-1-61284-365-0}},
  Pages                    = {467--470},
  Volume                   = {6}
}

@InProceedings{MarcoNuno_CongArbIng_2011_08_00,
  Title                    = {{A Hardware Coprocessor integrated with OpenCV for Edge Detection using Cellular Neural Networks}},
  Author                   = {\textbf{Marco Aurelio Nu{\~n}o-Maganda} and C{\'e}sar Torres-Huitzil and Miguel Morales-Sandoval},
  Booktitle                = {Proceedings of the 6th International Conference on Image and Graphics (ICIG) 2011},
  Year                     = {2011},
  Month                    = aug,
  Note                     = {\url{https://doi.org/10.1109/ICIG.2011.115} \underline{ISBN: 987-0-7695-4541-7}},
  Pages                    = {957--962}
}

@InProceedings{MarcoNuno_CongArbIng_2007_12_00,
  Title                    = {{High Performance Hardware Implementation of SpikeProp Learning: Potential and Tradeoffs}},
  Author                   = {\textbf{Marco Aurelio Nu\~no-Maganda} and Miguel Arias-Estrada and C\'esar Torres-Huitzil},
  Booktitle                = {Field-Programmable Technology, 2007. ICFPT 2007. International Conference on},
  Year                     = {2007},
  Month                    = dec,
  Note                     = {{\url{https://doi.org/10.1109/FPT.2007.4439241} \underline{ISBN: 1-4244-1472-5}}},
  Pages                    = {129--136},

  Doi                      = {10.1109/FPT.2007.4439241},
  Keywords                 = {data precision, error analysis, hardware architecture, hardware-based learning rule, hardware resource consumption, learning (artificial intelligence), neural net architecture, performance statistics, SpikeProp learning, spiking neural networks}
}

@InProceedings{MarcoNuno_CongArbIng_2014_02_00,
  Title                    = {{FPGA-based Real-Time Citrus Classification System}},
  Author                   = {\textbf{Marco Aurelio Nu\~no-Maganda} and Yahir Hern\'andez-Mier and C\'esar Torres-Huitzil and Josu\'e Jim\'enez Arteaga},
  Booktitle                = {5th IEEE Latin American Symposium on Circuits and Systems},
  Year                     = {2014},
  Month                    = feb,
  Note                     = {{\url{https://doi.org/10.1109/LASCAS.2014.6820292} \underline{ISBN: 978-1-4799-2507-0}}}
}

@InProceedings{MarcoNuno_CongArbIng_2005_06_00,
  Title                    = {{Real-time computer vision using FPGA based processing: Overview of INAOE activities}},
  Author                   = {Miguel Arias-Estrada and Griselda Salda{\~n}a and {\textbf{Marco Aurelio Nu{\~n}o-Maganda}} and V{\'i}ctor Rosales-Hernandez and C{\'e}sar Torres-Huitzil},
  Booktitle                = {Retine Electronique, ASIC-FPGA et DSP (READ05)},
  Year                     = {2005},
  Month                    = jun,
  Pages                    = {27--32}
}

@InProceedings{MarcoNuno_CongArbIng_2015_02_00,
  Title                    = {{Robust Smartphone-based Human Activity Recognition using a Tri-axial Accelerometer}},
  Author                   = {{C{\'e}sar Torres-Huitzil and \textbf{Marco Aurelio Nu{\~n}o-Maganda}}},
  Booktitle                = {6th IEEE Latin American Symposium on Circuits and Systems},
  Year                     = {2015},
  Month                    = feb,
  Note                     = {{\url{https://doi.org/10.1109/LASCAS.2015.7250435} \underline{ISBN: 978-1-4799-8332-2}}}
}

@InProceedings{8994792,
  Title                    = {{Decision-Tree Based Pixel Classification for Real-time Citrus Segmentation on FPGA}},
  Author                   = {{I. {D{\'a}vila-Rodr{\'i}guez} and M. {Nu{\~n}o-Maganda} and Y. {Hern{\'a}ndez-Mier} and S. {Polanco-Martag{\'o}n}}},
  Booktitle                = {2019 International Conference on ReConFigurable Computing and FPGAs (ReConFig)},
  Year                     = {2019},
  Month                    = {dec},
  Pages                    = {1-8},
  Note                     = {{\url{https://doi.org/10.1109/ReConFig48160.2019.8994792} \underline{ISSN: 2325-6532}}},

  Doi                      = {10.1109/ReConFig48160.2019.8994792},
  ISSN                     = {2325-6532},
  Keywords                 = {Hardware architecture;Image processing;Image segmentation;FPGA;Decision tree}
}

@InProceedings{MarcoNuno_CongArbIng_2012_03_00,
  Title                    = {{Acceleration of Selective Cationic Antibacterial Peptides Computation: A Comparison of FPGA and GPU Approaches}},
  Author                   = {Dulce Garc{\'i}a-Ordaz and Miguel Arias-Estrada and \textbf{Marco Aurelio Nu{\~n}o-Maganda} and Carlos Polanco-Gonz{\'a}lez and Gabriel del R{\'i}o},
  Booktitle                = {ISUM Conference Proceedings: Where Supercomputing, Science and Technologies Meet},
  Year                     = {2012},
  Month                    = mar,
  Note                     = {{\underline{ISBN: 978-607-450-658-7}}},
  Pages                    = {124--133}
}

@InProceedings{MarcoNuno_CongArbIng_2012_02_02,
  Title                    = {{Evaluation of Machine Learning techniques for Face Detection and Recognition}},
  Author                   = {Ernesto Garc\'ia-Amaro and \textbf{Marco Aurelio Nu\~no-Maganda} and Miguel Morales-Sandoval},
  Booktitle                = {22nd International Conference on Electrical, Communications, and Computers},
  Year                     = {2012},
  Month                    = feb,
  Note                     = {{\url{https://doi.org/10.1109/CONIELECOMP.2012.6189911} \underline{ISBN: 978-1-61284-1325}}},
  Pages                    = {213--218}
}

@InProceedings{MarcoNuno_CongArbIng_2011_11_00,
  Title                    = {{Initial Steps Towards an Embedded Fruit Selector}},
  Author                   = {Josu{\'e} Jim{\'e}nez-Arteaga and {\textbf{Marco Aurelio Nu{\~n}o-Maganda}}},
  Booktitle                = {CERMA, Workshop on Innovation},
  Year                     = {2011},
  Month                    = nov,
  Note                     = {\underline{ISBN: 978-0-7694-4563-8}}
}

@InProceedings{MarcoNuno_CongArbIng_2014_07_00,
  Title                    = {{Computer vision based real-time vehicle tracking and classification system}},
  Author                   = {Raul Humberto Pe{\~n}a-Gonz\'alez and \textbf{Marco Aurelio Nu\~no-Maganda} },
  Booktitle                = {2014 IEEE 57th International Midwest Symposium on Circuits and Systems (MWSCAS 2014)},
  Year                     = {2014},
  Month                    = aug,
  Note                     = {{\url{http://doi.org/10.1109/MWSCAS.2014.6908506}\underline{ISBN: 978-1-4799-4132-2}}},
  Pages                    = {679--682}
}

@InCollection{MarcoNuno_CongArbIng_2014_12_00X,
  Title                    = {{Embedded Image Processing System for Automatic Page Segmentation of Open Book Images}},
  Author                   = {Rodr{\'i}guez-Osoria, Victor and \textbf{Marco Aurelio Nu\~no-Maganda} and Hern{\'a}ndez-Mier, Yahir and Torres-Huitzil, Cesar},
  Booktitle                = {Advances in Visual Computing},
  Publisher                = {Springer International Publishing},
  Year                     = {2014},
  Month                    = dec,
  Note                     = {{\url{http://dx.doi.org/10.1007/978-3-319-14364-4_51} \underline{\textbf{ISBN: 978-3-319-14363-7}}}},
  Pages                    = {531-540},
  Series                   = {Lecture Notes in Computer Science},
  Volume                   = {8888},

  Doi                      = {10.1007/978-3-319-14364-4_51},
  Language                 = {English},
  Url                      = {http://dx.doi.org/10.1007/978-3-319-14364-4_51}
}

@InProceedings{MarcoNuno_CongArbIng_2012_02_00,
  Title                    = {{A Novel Strategy for Image Segmentation of Latent Fingerprints}},
  Author                   = {Eliza Ruiz-Echartea and Miguel Morales-Sandoval and \textbf{Marco Aurelio Nu\~no-Maganda} and Yahir Hern\'andez-Mier},
  Booktitle                = {22nd International Conference on Electrical, Communications, and Computers},
  Year                     = {2012},
  Month                    = feb,
  Note                     = {{\url{https://doi.org/10.1109/CONIELECOMP.2012.6189908} \underline{ISBN: 978-1-61284-1325}}},
  Pages                    = {196--201}
}

@InProceedings{MarcoNuno_CongArbIng_2014_06_00,
  Title                    = {{Area-time efficient implementation of local adaptive image thresholding in reconfigurable hardware}},
  Author                   = {Cesar Torres-Huitzil and {\textbf{Marco Aurelio Nu{\~n}o-Maganda}} },
  Booktitle                = {The 5th International Symposium on Highly Efficient Accelerators and Reconfigurable Technologies (HEART)},
  Year                     = {2014},
  Month                    = jun
}

@InProceedings{MarcoNuno_CongArbIng_2012_02_01,
  Title                    = {{Elliptic Curve Cryptography on Windows CE devices}},
  Author                   = {Adriana Trujillo-V\'azquez and Miguel Morales-Sandoval and \textbf{Marco Aurelio Nu\~no-Maganda} and Manuel Ruiz-M\'endez},
  Booktitle                = {22nd International Conference on Electrical, Communications, and Computers},
  Year                     = {2012},
  Month                    = feb,
  Note                     = {\url{https://doi.org/10.1109/CONIELECOMP.2012.6189913} \underline{ISBN: 978-1-61284-1325}},
  Pages                    = {224--229}
}

@InProceedings{ MarcoNuno_CongArbEsp_2003_05_00,
	AUTHOR = "\textbf{Marco Aurelio Nuño-Maganda} and Miguel Arias-Estrada",
	TITLE = "{Arquitectura Hardware para el Seguimiento de Objetos Utilizando Procesamiento Piramidal}",
	BOOKTITLE = "Avances en la ciencia de la computaci{\'o}n en M{\'e}xico",
	YEAR = "2003",
	month = May,
	pages = "198--208",
	SERIES = "Research on Computing Science",
	note = "{\underline{ISBN: 970-36-0026-3}}",
	VOLUME = "2"
}

@InProceedings{ MarcoNuno_CongArbEsp_2003_09_00,
	AUTHOR = "\textbf{Marco Aurelio Nuño-Maganda} and Miguel Arias-Estrada and Claudia Feregrino-Uribe",
	TITLE = "{Implementaci{\'o}n Hardware de Aplicaciones de la Pir{\'a}mide}",
	BOOKTITLE = "IV Congreso Internacional en Ciencias de la Computaci{\'o}n: Avances en Ciencias de la Computaci{\'o}n ",
	YEAR = "2003",
	pages = "83--89",
	month = sep,
	VOLUME = "2"
}

@InProceedings{ MarcoNuno_CongArbEsp_2004_09_00,
	AUTHOR = "Victor Rosales-Hernandez and \textbf{Marco Aurelio Nuño-Maganda} and C{\'e}sar Peregrina-Albores and N{\'e}stor Prado-Vargas",
	TITLE = "{Uranus: Una Herramienta para Prototipar Algoritmos de Procesamiento de Video}",
	BOOKTITLE = "International Conference on Reconfigurable Computing and FPGAs (ReConFig04)",
	YEAR = "2004",
	month = sep,
	note = "\underline{ISBN 970-692-169-9}",
	pages = "311--319"
}

@InProceedings{ MarcoNuno_CongArbEsp_2011_10_00,
	AUTHOR = "Ernesto Garc{\'i}a-Amaro and \textbf{Marco Aurelio Nuño-Maganda}",
	TITLE = "{Uso de T{\'e}cnicas de Visi{\'o}n por Computadora y Aprendizaje Autom{\'a}tico para Detecci{\'o}n y Reconocimiento de Rostros}",
	YEAR = "2011",
	PAGES = "32--36",
	month = oct,
	booktitle = "Memoria del V Congreso de Innovaci{\'o}n Tecnol{\'o}gica en El{\'e}ctrica y Electr{\'o}nica",
	note = "\underline{ISBN 978-607-7846-60-4}"
}

@InProceedings{ MarcoNuno_CongArbEsp_2012_10_00,
	AUTHOR = "Blas Huerta-S{\'a}nchez and \textbf{Marco Aurelio Nuño-Maganda} and Juan L{\'o}pez-Hernandez",
	TITLE = "{Sistema B{\'a}sico de Adquisici{\'o}n y Monitoreo de Se{\~n}ales EMG's}",
	YEAR = "2012",
	Month = may,
	booktitle = "XXIV Encuentro Nacional de Investigaci{\'o}n Cient{\'i}fica y Tecnol{\'o}gica del Golfo de M{\'e}xico",
	PAGES = "228--235",
	note = "{\underline{ISBN: 978-6-0795-2013-7}}"
}

@InProceedings{ MarcoNuno_CongArbEsp_2012_10_01,
	AUTHOR = "Josu{\'e} Jim{\'e}nez-Arteaga and \textbf{Marco Aurelio Nuño-Maganda}",
	TITLE = "{Implementaci{\'o}n Hardware para la Conversi{\'o}n de Espacio de Color RGB a HSL usando un FPGA}",
	YEAR = "2012",
	Month = may,
	booktitle = "XXIV Encuentro Nacional de Investigaci{\'o}n Cient{\'i}fica y Tecnol{\'o}gica del Golfo de M{\'e}xico",
	PAGES = "31--38",
	note = "{\underline{ISBN: 978-6-0795-2013-7}}"
}

@InProceedings{ MarcoNuno_CongArbEsp_2012_10_02,
	AUTHOR = "Arturo Mart{\'i}nez-Rodriguez and \textbf{Marco Aurelio Nuño-Maganda}",
	TITLE = "{Dise{\~n}o de una Arquitectura Hardware para Identificaci{\'o}n de Frutas por Tama{\~n}o Basado en un FPGA}",
	YEAR = "2012",
	Month = may,
	booktitle = "XXIV Encuentro Nacional de Investigaci{\'o}n Cient{\'i}fica y Tecnol{\'o}gica del Golfo de M{\'e}xico",
	PAGES = "25--31",
	note = "{\underline{ISBN: 978-6-0795-2013-7}}"
}

@InProceedings{ MarcoNuno_CongArbEsp_2013_10_01,
	AUTHOR = "Victor Rodriguez-Osoria and \textbf{Marco Aurelio Nuño-Maganda}",
	TITLE = "{Reconocimiento de Texto con un Sistema Embebido para un Esc{\'a}ner de Libros Autom{\'a}tico }",
	YEAR = "2013",
	Month = oct,
	booktitle = "1er. Congreso Iberoamericano de Instrumentaci{\'o}n y Ciencias Aplicadas",
	note = "{\underline{ISBN Pendiente}}"
}


@Article{MarcoNuno_CongArbEsp_2013_11_01,
	author = "Gustavo Bujano-Guzm{\'a}n and Erick Noel P{\'e}rez-Hern{\'a}ndez and \textbf{Marco Aurelio Nuño-Maganda} and Hector Hugo Aviles-Arriaga",
	journal = "Congreso Internacional de Investigaci{\'o}n",
	title = "{Implementaci{\'o}n de un Ambiente de Simulaci{\'o}n Virtual en 3D para el Robot de Servicio SerBot I}",
	year = "2013",
	month = nov,
	volume = "5",
	number = "3",
	pages = "368--372",
	note = "{\textbf{\underline{ISSN:1945-5351}}}"
}


@Article{MarcoNuno_CongArbEsp_2013_11_02,
	author = "Gabriela Rangel-Castillo and Karen Marleny G{\'o}mez-Esparza and \textbf{Marco Aurelio Nuño-Maganda}",
	journal = "Congreso Internacional de Investigaci{\'o}n",
	title = "{Implementaci{\'o}n de un sistema para llamado de Taxis utilizando Tel{\'e}fonos Inteligentes}",
	year = "2013",
	month = nov,
	volume = "5",
	number = "3",
	pages = "2873--2876",
	note = "{\textbf{\underline{ISSN:1945-5351}}}"
}

@Article{MarcoNuno_CongArbEsp_2013_11_03,
	author = "Yaziel Asbai Rodr{\'i}guez-Puente and Maik Mu{\~n}iz-Hern{\'a}ndez and Daniel Osvaldo Ram{\'i}rez-Acu{\~n}a and \textbf{Marco Aurelio Nuño-Maganda}",
	journal = "Congreso Internacional de Investigaci{\'o}n",
	title = "{Monitoreo de Rutas a trav{\'e}s de GPS}",
	year = "2013",
	month = nov,
	volume = "5",
	number = "3",
	pages = "3049--3054",
	note = "{\textbf{\underline{ISSN:1945-5351}}}"
}

@Article{MarcoNuno_CongArbEsp_2014_09_01,
	author = "Raul Humberto Pe{\~n}a González and \textbf{Marco Aurelio Nuño-Maganda}",
	title = "{Sistema de visión para la clasificación y seguimiento de vehículos en tiempo real}",
	journal = "{Avances en Tecnologías de la Información, Mecatrónica y Tecnología de los Materiales}",
	year = "2014",
	pages = "7--10",
	month = sep,
	note = "{\textbf{\underline{ISBN:978-607-00-8778-3}}}"
}

@Article{MarcoNuno_CongArbEsp_2014_09_02,
	author = "Luis Rodolfo García García and \textbf{Marco Aurelio Nuño-Maganda} and Yahir Hernández-Mier",
	title = "{Detección de Llantas Basada en Imágenes}",
	journal = "{Avances en Tecnologías de la Información, Mecatrónica y Tecnología de los Materiales}",
	year = "2014",
	pages = "39--42",
	month = sep,
	note = "{\textbf{\underline{ISBN:978-607-00-8778-3}}}"
}



@Article{MarcoNuno_CongArbEsp_2014_10_01,
	author = "Jos\'{e} Jes\'{u}s Medrano-Aguilar and H\'{e}ctor Hugo Avil\'{e}s-Arriaga and David Antonio G\'{o}mez-J\'{a}uregui and
Hiram Herrera-Rivas and Marco Aurelio Nuño-Maganda",
	title = "{Un Esquema 3D para la Descripci\'{o}n Visual de Gestos Din\'{a}micos}",
	journal = "{Ingenier\'{i}a Mecatr\'{o}nica. Proyectos y Aplicaciones}",
	year = "2014",
	pages = "117--122",
	month = oct,
	note = "{\textbf{\underline{ISBN:978-607-9394-00-4}}}"
}

@Article{MarcoNuno_CongArbEsp_2014_11_01,
	author = "Jaime Alberto Maganda-Carvajal and Juan Carlos Pérez-Luján and Noé Amir Rodríguez-Olivares and \textbf{Marco Aurelio Nuño-Maganda} and José Gonzalo Lugo Pérez and Antonio Saldaña-Hernández",
	title = "{Banco de Pruebas Para Filtrado y Caracterización de Señales Ultrasónicas Mediante la Transformada Continua de Wavelet}",
	journal = "{Robótica y Mecatrónica. Aportaciones de Investigadores de Instituciones de Educación Superior}",
	year = "2014",
	pages = "2--16",
	month = nov,
	note = "{\textbf{\underline{ISBN:978-607-495-388-6}}}"
}


%%% 2015
@Article{MarcoNuno_CongArbEsp_2015_09_01A,
	author = "María del Refugio García Chávez and Yahir Hernández Mier and \textbf{Marco Aurelio Nuño-Maganda}",
	title = "{Evaluación de algoritmos de aprendizaje máquina para la clasificación automática de cromosomas}",
	journal = "{Avances en Tecnologías de la Información, Mecatrónica y Tecnología de los Materiales II}",
	year = "2015",
	pages = "3--8",
	month = sep,
	note = "{\textbf{\underline{ISBN:978-1-63415-029-3}}}"
}

@Article{MarcoNuno_CongArbEsp_2015_09_01B,
	author = "Yuriria Coronado-Pérez and Hiram Herrera-Rivas and \textbf{Marco Aurelio Nuño-Maganda}",
	title = "{Evaluación de técnicas de aprendizaje automático en el procesamiento del RSSI generado por redes inalámbricas WiFi, orientado a la localización de objetivos en ambientes interiores}",
	journal = "{Avances en Tecnologías de la Información, Mecatrónica y Tecnología de los Materiales II}",
	year = "2015",
	pages = "9--14",
	month = sep,
	note = "{\textbf{\underline{ISBN:978-1-63415-029-3}}}"
}

@Article{MarcoNuno_CongArbEsp_2015_09_01C,
	author = "Luis Felipe Cortes Mendoza and \textbf{Marco Aurelio Nuño-Maganda}",
	title = "{Diseño e implementación de una aplicación móvil para administrar listas de compras}",
	journal = "{Avances en Tecnologías de la Información, Mecatrónica y Tecnología de los Materiales II}",
	year = "2015",
	pages = "15--20",
	month = sep,
	note = "{\textbf{\underline{ISBN:978-1-63415-029-3}}}"
}

@Article{MarcoNuno_CongArbEsp_2015_09_01D,
	author = "José Alberto López Montelongo and José Carlos Huerta Gutiérrez and \textbf{Marco Aurelio Nuño-Maganda}",
	title = "{Diseño e implementación de una aplicación móvil para administrar un cuaderno de tareas virtual}",
	journal = "{Avances en Tecnologías de la Información, Mecatrónica y Tecnología de los Materiales II}",
	year = "2015",
	pages = "21--26",
	month = sep,
	note = "{\textbf{\underline{ISBN:978-1-63415-029-3}}}"
}


@Article{MarcoNuno_CongArbEsp_2015_09_01E,
	author = "Juan Emmanuel Mendoza Morales  and Norma Priscila Rodriguez Reyes and \textbf{Marco Aurelio Nuño-Maganda}",
	title = "{Diseño e Implementación de aplicación para seguimiento de objetos mediante lecturas del sensor GPS}",
	journal = "{Avances en Tecnologías de la Información, Mecatrónica y Tecnología de los Materiales II}",
	year = "2015",
	pages = "27--32",
	month = sep,
	note = "{\textbf{\underline{ISBN:978-1-63415-029-3}}}"
}


@Article{MarcoNuno_CongArbEsp_2016_09_01A,
	author = "Samantha Carrizales-Villagómez and \textbf{Marco Aurelio Nuño-Maganda}",
	title = "{Sistema basado en visión por computadora para extracción de información de imágenes de recibos de compra}",
	journal = "{Avances en Tecnologías de la Información, Mecatrónica y Tecnología de los Materiales III}",
	year = "2016",
	pages = "65--70",
	month = sep
}

@Article{MarcoNuno_CongArbEsp_2016_09_01B,
	author = "Jaciel Hernández-Reséndiz and \textbf{Marco Aurelio Nuño-Maganda} and   Heidy Marin-Castro and  Said Polanco-Martagón",
	title = "{Sistema de Vídeo Vigilancia Inteligente basado en GPGPU en Ambientes Escolares}",
	journal = "{Avances en Tecnologías de la Información, Mecatrónica y Tecnología de los Materiales III}",
	year = "2016",	
	pages = "77--82",
	month = sep
}

@Article{MarcoNuno_CongArbEsp_2018_09_01,
	author = "Jesús Alejandro Paz-Villafaña and \textbf{Marco Aurelio Nuño-Maganda} and Said Polanco-Martagón",
	title = "{Redes de Función de Base Radial aplicadas a la predicción de la readmisión hospitalaria en personas diabéticas}",
	journal = "{Memorias del Congreso Internacional de Investigación Academia Journals 2018}",
	year = "2018",	
	pages = "1499--1504",
	month = sep,
	note = "{\textbf{\underline{ISBN:978-1-939982-40-7}}}"
}

@Article{MarcoNuno_CongArbEsp_2019_09_01,
	author = {Victor Frausto-Güereña and \textbf{Marco Aurelio Nuño-Maganda} and Yahir Hernández-Mier},
	title = {Estimación de la Tasa Metabólica Basal de las Personas Utilizando Técnicas de Inteligencia Artificial y Sensores},
	journal = {Memorias del Congreso Internacional de Investigación Academia Journals 2019},
	year = {2019},	
	pages = {927--932},
    Month  = {Sep},
	note = {\textbf{\underline{ISBN: 978-939982-52-0}}}
}

@Article{MarcoNuno_CongArbEsp_2020_09_01,
	author = {José Luis Pérez-Avila and Marco Aurelio Nuño-Maganda and Yahir Hernández-Mier and Said Polanco-Martagon},
	title = {Implementación de un Sistema de Vídeo Vigilancia para Vehículos de Gama Media-Baja},
	journal = {Memorias del Congreso Internacional de Investigación Academia Journals Celaya 2020},
	year = {2020},	
	pages = {1914--1920},
    Month  = {nov},
	note = {\textbf{\underline{ISBN: 978-1-939982-63-6}}}
}

@Article{MarcoNuno_CongArbEsp_2020_12_01,
	author = {Victor Manuel Gloria Vázquez and Said Polanco Martagon and Miguel Ibarra Sanchez and Marco Aurelio Nuño Maganda and Yahir Hernández Mier},
	title = {Algoritmo genético multiobjetivo para optimización topológica de una red neuronal},
	journal = {Jornada de Ciencia y Tecnología Aplicada},
	year = {2020},	
	pages = {24--30},
     Month  = {dic},
	note = {\textbf{\underline{ISBN: En trámite}}}
}

@Article{MarcoNuno_CongArbEsp_2021_06_01,
	author = {Daniel Humberto Villatoro-Carranco and Marco Aurelio Nuño Maganda and Yahir Hernández Mier and Said Polanco Martagon},
	title = {Comparación de detectores faciales para un sistema de videovigilancia de bajo costo},
	journal = {Jornada de Ciencia y Tecnología Aplicada},
	year = {2021},	
	pages = {39--45},
     Month  = {jun},
	note = {\textbf{\underline{ISBN: En trámite}}}
}


% Encoding: UTF-8
@Article{ MarcoNunoRevistaNoArb_2013_03_01,
	AUTHOR = "\textbf{Marco Aurelio Nuño-Maganda} and Josu{\'e} Hel{\'i} Jim{\'e}nez-Arteaga and C{\'e}sar Torres-Huitzil and Miguel Arias Estrada",
	TITLE = "{{Sistemas Reconfigurables Aplicables a Sistemas Inteligentes}}",
	YEAR = "2013",
	month = mar,
	JOURNAL = "GAIABIT",
	PAGES = "24--30"
}

@Article{ MarcoNunoRevistaNoArb05,
	AUTHOR = "\textbf{Marco Aurelio Nuño-Maganda}",
	TITLE = "{{Plataformas de Desarrollo Did{\'a}cticas para Prototipado de Sistemas Digitales}}",
	YEAR = "2007",
	month = jun,
	JOURNAL = "Evoluci{\'o}n (Revista de Divulgaci{\'o}n del Instituto Tecnol{\'o}gio Superior de Atlixco)",
	number = "13",
	PAGES = "43--47"
}

@InProceedings{ MarcoNunoRevistaNoArb04,
	AUTHOR = "\textbf{Marco Aurelio Nuño-Maganda} and Miguel Arias-Estrada",
	TITLE = "{ Arquitectura Hardware para el Seguimiento de Objetos Utilizando Procesamiento Piramidal}",
	BOOKTITLE = "Tercer Encuentro de Investigaci{\'o}n (INAOE)",
	YEAR = "2002",
	pages = "353--356"
}

@InProceedings{ MarcoNunoRevistaNoArb03,
	AUTHOR = "\textbf{Marco Aurelio Nuño-Maganda} and Miguel Arias-Estrada and Torres-Huitzil, C{\'e}sar",
	TITLE = "{ Towards the implementation of a Parallel Architecture for Spiking Neural Networks}",
	BOOKTITLE = "Consorcio Doctoral, Encuentro Nacional de Computaci{\'o}n",
	YEAR = "2006",
	pages = "8--9"
}

@InProceedings{ MarcoNunoRevistaNoArb02,
	AUTHOR = "\textbf{Marco Aurelio Nuño-Maganda} and Miguel Arias-Estrada and Torres-Huitzil, C{\'e}sar",
	TITLE = "{ An FPGA-based Architecture for Spiking Neural Networks: Initial Steps}",
	BOOKTITLE = "S{\'e}ptimo Encuentro de Investigaci{\'o}n (INAOE)",
	YEAR = "2006",
	pages = "241--244"
}

@InProceedings{ MarcoNunoRevistaNoArb01,
	AUTHOR = "\textbf{Marco Aurelio Nuño-Maganda} and Miguel Arias-Estrada and Torres-Huitzil, C{\'e}sar",
	TITLE = "{ Hardware Implementation of SpikeProp Learning Preliminary Results}",
	BOOKTITLE = "Octavo Encuentro de Investigaci{\'o}n (INAOE)",
	YEAR = "2007",
	pages = "201--205"
}

@Comment{jabref-meta: databaseType:bibtex;}


@misc{MarcoNunoTesisLicenciatura_2002,
   Author = {\textbf{Marco Aurelio Nuño-Maganda}},  
  TITLE = {\textit{Una Arquitectura FPGA para la Pirámide Multiresolución}},
  YEAR = 2002,
  month=dec,
  HOWPUBLISHED = {Tesis de Licenciatura con Mención Honorífica. Universidad Americada de Acapulco. Facultad de Ingeniería en Computación (incorporada a la Universidad Nacional Autónoma de México)}}

@misc{ MarcoNunoTesisDoctorado_2009B,
Author = {\textbf{Marco Aurelio Nuño-Maganda}},
Title = {\textit{A High Performance Hardware Architecture for Multilayer Spiking Neural Networks}},
Year = {2009},
HOWPUBLISHED = {Tesis de Doctorado en Ciencias con Especialidad en Ciencias Computacionales. Instituto Nacional de Astrofísica, Óptica y Electrónica (INAOE)},
month=oct
}

@Misc{MarcoNunoTesisMaestria_2003B,
Author = {\textbf{Marco Aurelio Nuño-Maganda}},
    title     =     {\textit{Una Arquitectura FPGA para el Seguimiento de Objetos utilizando Procesamiento Piramidal}},
HOWPUBLISHED = {Tesis de Maestría en Ciencias con Especialidad en Ciencias Computacionales. Instituto Nacional de Astrofísica, Óptica y Electrónica (INAOE)},
Year = {2003},
month=sep}

% Listado de Informes Técnicos


@InProceedings{ MarcoNuno_ReporteTecnico1,
	AUTHOR = "\textbf{Marco Aurelio Nuño-Maganda}",
	TITLE = "{Presentación del Artículo ``Using Handel-C for Describing Picoprocessor Architectures'' en el Primer Workshop Mexicano de Cómputo Reconfigurable y sus Aplicaciones en Educación e Ingeniería}",
	YEAR = "2011",
	month = nov,
	note = "{\textit{Reporte técnico final del proyecto \underline{TAMPS-2010-C29-149910}, Fondo Mixto de Fomento a la Investigación Científica y Tecnológica CONACYT - Gobierno del Estado de Tamaulipas, Convocatoria 2010}}"
}

@techreport{MarcoNuno_ReporteTecnico2022_B,
  author      = "Yahir Hernández Mier and Jesús Guadalupe Herrera Vanoye and Adalí Gutiérrez Ponce and Marco Aurelio Nuño Maganda and Said Polanco Martagón",
  title       = "Diseño y construcción de una máquina desprendedora de pedúnculos de chile piquín",
  institution = "Universidad Politécnica de Victoria",
  year        = "2022",
  type        = "Reporte de Proyecto en Curso" 
}

@techreport{MarcoNuno_ReporteTecnico2022_C,
  author      = "Yahir Hernández Mier and Marco Aurelio Nuño Maganda and Said Polanco Martagón",
  title       = "Exploración de técnicas de integración de mosaicos de imágenes para el conteo de ostiones bajo el microscopio",
  institution = "Universidad Politécnica de Victoria",
  year        = "2022",
  type        = "Reporte de Proyecto" 
}



@techreport{ MarcoNuno_ReporteTecnico2022,
	AUTHOR = "\textbf{Marco Aurelio Nuño-Maganda} and Yahir Hernández-Mier and Said Polanco-Martagón",
	TITLE = "{Conteo de MicroAlgas a partir de imágenes de microscopía}",
	YEAR = "2022",
	month = aug,
    type= "Reporte de Proyecto en Curso" 
}


@InProceedings{ MarcoNuno_ReporteTecnico2,
	AUTHOR = "\textbf{Marco Aurelio Nuño-Maganda}",
	TITLE = "{Implementación de Arquitecturas FPGA para Algoritmos de Visión por Computadora y Aprendizaje Automático}",
	YEAR = "2011",
	month = dec,
	note = "{\textit{Reporte técnico final de proyecto \underline{PROMEP UPV-PTC-011}}}"
}


@InProceedings{ MarcoNuno_ReporteTecnico3,
	AUTHOR = "\textbf{Marco Aurelio Nuño-Maganda}",
	TITLE = "{Estudio y Análisis de Modelos de Redes Neuronales Artificiales para la Implementación de Bloques Hardware Eficientes Aplicables al Reconocimiento de Objetos en Imágenes}",
	YEAR = "2015",
	month = apr,
	note = "{\textit{Reporte técnico final de proyecto \underline{133637}, convocatoria SEP-CONACYT Ciencia Básica 2009}}"
}


%% Trabajos a proyectos de materia que no han sido publicados de manera formal
@techreport{Reporte2019,
  author      = "Maria Fernanda Baez-Zapata and Jesús Alfredo Cárdenas-Castillo and  José Armando Olvera-Osuna and Yu-Hsiang Wang",
  title       = "Recorrido UPV en Android",
  institution = "Universidad Politécnica de Victoria",
  year        = "2019",
  type        = "Proyecto Final de la Asignatura Cómputo en Dispositivos Móviles" 
}


@techreport{RecorridoVirtualLentesVR_2019,
  author      = "Carlos Alberto Alarcon-Longoria and Leonardo Daniel Alonso-Cepeda and Luis Angel   Torres-Grimaldo",
  title       = "Aplicación UPV-Virtual",
  institution = "Universidad Politécnica de Victoria",
  year        = "2019",
  type        = "Proyecto Final de la Asignatura Cómputo en Dispositivos Móviles" 
}

%José Treviño Olvera. \textbf{Recorrido UPV Virtual en Android con Controles de Voz.}  Proyecto Final de la Asignatura. ``Cómputo en Dispositivos Móviles'', 2020. Sin Publicar.
@techreport{RecorridoVirtualLentes_ComandosVoz2020,
  author      = "José Treviño-Olvera",
  title       = "Recorrido UPV Virtual en Android con Controles de Voz.",
  institution = "Universidad Politécnica de Victoria",
  year        = "2020",
  type        = "Proyecto Final de la Asignatura Cómputo en Dispositivos Móviles" 
}

%\footnotetext{Cárdenas Castillo Jesús Alfredo, Molina Pastrana Ana Karen, Ramos Lucio Eluis Carlo, Rodríguez Terán Linda Margarita y Vázquez Luna César Jovany.  \textbf{Visión por Computadora para Realidad Aumentada}. Universidad Politécnica de Victoria,  Informe técnico proyecto de asignatura ``Cómputo en Dispositivos Móviles'', 2019. Sin Publicar.}
@techreport{RealidadAumentada_PrimerPrototipo_2019,
  author      = "Jesús Alfredo Cárdenas-Castillo and Ana Karen Molina-Pastrana and, Eluis Carlo Ramos-Lucio and Linda Margarita Rodríguez-Terán and César Jovany Vázquez-Luna",
  title       = "Visión por Computadora para Realidad Aumentada",
  institution = "Universidad Politécnica de Victoria",
  year        = "2019",
  type        = "Proyecto Final de la Asignatura Cómputo en Dispositivos Móviles" 
}

%\footnotetext{Andrés García González, Cristian Aléxis Lazo García, Damaris Mendoza Vázquez.  \textbf{Modelo 3D del Jaguar de la UPV sobre un código QR}. Universidad Politécnica de Victoria,  Informe técnico proyecto de asignatura ``Graficación por Computadora Aavanzada'', 2020. Sin Publicar.}
@techreport{JaguarAplicacionMovil_2020,
  author      = "Andrés García-González and Cristian Aléxis Lazo-García and Damaris Mendoza-Vázquez",
  title       = "Modelo 3D del Jaguar de la UPV sobre un código QR",
  institution = "Universidad Politécnica de Victoria",
  year        = "2020",
  type        = "Informe técnico proyecto de asignatura ``Graficación por Computadora Avanzada''" 
}

%\footnotetext{Héctor Hugo Sandoval Marcelo. \textbf{Movimiento de la Cruz de Malta con Iluminación y Texturas con Java y OpenGL ES 2.0 en Android.}. Universidad Politécnica de Victoria,  Informe técnico proyecto de asignatura ``Graficación por Computadora Avanzada'', 2017. Sin Publicar.}
@techreport{CruzdeMalta_2017,
  author      = "Héctor Hugo Sandoval-Marcelo",
  title       = "Movimiento de la Cruz de Malta con Iluminación y Texturas con Java y OpenGL ES 2.0 en Android",
  institution = "Universidad Politécnica de Victoria",
  year        = "2017",
  type        = "Informe técnico proyecto de asignatura ``Graficación por Computadora Avanzada''" 
}

%\footnotetext{Garcia Garcia Carlos Eduardo, Luna Alvarez Jesus Antonio, Sandoval Marcelo Hector Hugo, Torres Montalvo Jose Eduardo. \textbf{Ajedrez Multijugador}. Universidad Politecnica de Victoria,  Informe tecnico proyecto de asignatura ``Graficacion por Computadora Avanzada'', 2017. Sin Publicar.}
@techreport{Ajedrez3D_2017,
  author      = "Carlos Eduardo Garcia-Garcia and Jesus Antonio Luna-Alvarez and  Hector Hugo Sandoval-Marcelo and Jose Eduardo Torres-Montalvo",
  title       = "Ajedrez Multijugador",
  institution = "Universidad Politécnica de Victoria",
  year        = "2017",
  type        = "Informe técnico proyecto de asignatura ``Graficación por Computadora Avanzada''" 
}

@techreport{Avatar3d_Echartea_2021,

  author      = "Cristian Isidro Echartea-De-la-Rosa and Marco Aurelio Nuño-Maganda and Yahir Hernández-Mier",
  title       = "Mobile Application for Overweight Education",
  institution = "Universidad Politécnica de Victoria",
  year        = "2021",
  type        = "\textit{Artículo en preparación}" 
}

%Froylan Melquiades Wbario Martinez, \textbf{Seguidor de movimientos de Ajedrez}. Universidad Politécnica de Victoria, Informe técnico proyecto de asignatura “Visión por Computadora”, 2021.  En evaluación.}

@techreport{Froylan_VC_2021_ANTERIOR,
  author      = "Froylan Melquiades Wbario-Martinez",
  title       = "Seguidor de movimientos de Ajedrez",
  institution = "Universidad Politécnica de Victoria",
  year        = "2021",
  type        = "Informe técnico proyecto de asignatura ``Visión por Computadora''" 
}


% Capitulo de Libro publicado un año despues del congreso
@incollection{Froylan_VC_2021,
	author = {Froylan Melquiades Wbario-Martínez and Axel Issai Alemán-Delgado and Danely Michel-Vázquez Romo and \textbf{M. A. Nuño-Maganda} and \textbf{Yahir Hernández-Mier} and \textbf{Said Polanco-Martagón}},
	title = {Detección y Visualización de Jugadas en Tablero de Ajedrez mediante Visión por Computadora},
    editor      = "Luis Bengochea-Martínez and Daniel Meziat-Luna and Raúl Palma-Mendoza",
    booktitle   = "Computación para el Desarrollo – XV Congreso",
    publisher   = "Editorial Universidad de Alcalá",
    address     = "Alcalá de Henares, España",
    Month  = 6,
    year        = 2023,
	pages = {65--68},
    note        = {ISBN:  978-84-19745-52-1}
}


@techreport{RecoridoUPV_controles_2021,

  author      = "Mario Alberto Delarbre-Quintanilla and  Gerardo Loperena-Bustillos and Alejandro Lumbreras-Olvera and Jorge Eduardo Monita-Rodríguez and Christian Alejandro Saldaña-Calderon and Juan Ramiro Soto-Gómez and Claudia Corina Vásquez-Pérez and Hector Yahude Vallejo-Cepeda and Andrea Medrano-Salvidar and Julio Alberto Zuniga-Gallegos and Darianna Carreon-Gomez",
  title       = "Incorporación de Controles de Consola de Video Juego al Recorrido Virtual de la UPV",
  institution = "Universidad Politécnica de Victoria",
  year        = "2021",
  type        = "Informe técnico proyecto de asignatura ``Cómputo en Dispositivos Móviles''" 
}

@techreport{TutorialBlender_Lazo_2020,

  author      = "Christian Alexis Lazo-García",
  title       = "Tutoria de Modelado 3D empleando la herramienta Blender",
  institution = "Universidad Politécnica de Victoria",
  year        = "2020",
  type        = "Informe técnico proyecto de asignatura ``Graficación por Computadora Avanzada''" 
}

%\footnotetext{José Carlos Morin Garcia, Froylán Melquiades Wbario Martinez, Mariela Geeorgina Reyes Fonseca. \textbf{Implementación de Diseño Brazo Robótico}. Universidad Politecnica de Victoria,  Informe tecnico proyecto de asignatura ``Graficacion por Computadora Avanzada'', 2019. Sin Publicar.}

@techreport{BrazoRobot_Morin2019,

  author      = "José Carlos Morin-Garcia and Froylán Melquiades Wbario-Martinez and Mariela Georgina Reyes-Fonseca",
  title       = "Implementación de un Modelo 3D de un Brazo Robótico en una Aplicación Android",
  institution = "Universidad Politécnica de Victoria",
  year        = "2019",
  type        = "Informe técnico proyecto de asignatura ``Graficación por Computadora Avanzada''" 
}

@techreport{Reporte2017_Tetris3D,
  author      = "Víctor Manuel Gloria-Vázquez and Ana Karen Herrera Hernández and Víctor Manuel Torres Moreno",
  title       = "Tetris 3D en Android",
  institution = "Universidad Politécnica de Victoria",
  year        = "2017",
  type        = "Proyecto Final de la Asignatura Graficación por Computadora Avanzada" 
}

@Article{MarcoNuno_Revista_2021_10_00,
	AUTHOR = "José Ramon Arratia-Zapata and \textbf{Marco Aurelio Nu{\~n}o-Maganda} and Yahir Hernández-Mier and Said Polanco-Martagón",
	TITLE = "{Sistema de Monitoreo Remoto de Temperatura y Humedad Utilizando Dispositivos Móviles e IOT}",
	YEAR = "2021",
	month = {oct},
	JOURNAL = "Research in Computing Science",
	VOLUME = "150",
	note = "{Aceptado. \textbf{\underline{ISSN: 1870-4069}}}"

}

@techreport{CabezaJaguar_2023,
  author      = "Jose Rodolfo Cervantes-Cabrera  and Anibal Gonzalez-Tovar and  Luis Rodrigo Loredo-Tavarez  and  Jose Andrik Martinez-Rodriguez and  Christopher Emmanuel Perez-Duque and Jorge Jhovan Rodriguez-Moreno ",
  title       = "Filtro de Cabeza de Jaguar UPV",
  institution = "Universidad Politécnica de Victoria",
  year        = "2023",
  type        = "Proyecto Final de la Asignatura Programación Móvil" 
}

@techreport{MapaRAChidoUPV_2023,
  author      = "Jorge Luis Charles-Torres and Paullette Monserrat Esparza-Gonzales and  Juan Emmanuel Laurian-Mendoza and Humberto Erubiel Ortega-Lujano and, Francisco Gael Sustaita-Reyna",
  title       = "Mapa de Realidad Aumentada UPV",
  institution = "Universidad Politécnica de Victoria",
  year        = "2023",
  type        = "Proyecto Final de la Asignatura Programación Móvil" 
}





