 %% Trabajos a proyectos de materia que no han sido publicados de manera formal

@techreport{Reporte2017_Tetris3D,
  author      = "Vı́ctor Manuel Gloria-Vázquez and Ana Karen Herrera Hernández and Vı́ctor Manuel Torres Moreno",
  title       = "Tetris 3D",
  institution = "Universidad Politécnica de Victoria",
  year        = "2017",
  type        = "Proyecto Final de la Asignatura Graficación por Computadora Avanzada" 
}

@techreport{Reporte2019,
  author      = "Maria Fernanda Baez-Zapata and Jesús Alfredo Cárdenas-Castillo and  José Armando Olvera-Osuna and Yu-Hsiang Wang",
  title       = "Recorrido UPV en Android",
  institution = "Universidad Politécnica de Victoria",
  year        = "2019",
  type        = "Proyecto Final de la Asignatura Cómputo en Dispositivos Móviles" 
}


@techreport{RecorridoVirtualLentesVR_2019,
  author      = "Carlos Alberto Alarcon-Longoria and Leonardo Daniel Alonso-Cepeda and Luis Angel   Torres-Grimaldo",
  title       = "Aplicación UPV-Virtual",
  institution = "Universidad Politécnica de Victoria",
  year        = "2019",
  type        = "Proyecto Final de la Asignatura Cómputo en Dispositivos Móviles" 
}

%José Treviño Olvera. \textbf{Recorrido UPV Virtual en Android con Controles de Voz.}  Proyecto Final de la Asignatura. ``Cómputo en Dispositivos Móviles'', 2020. Sin Publicar.
@techreport{RecorridoVirtualLentes_ComandosVoz2020,
  author      = "José Treviño-Olvera",
  title       = "Recorrido UPV Virtual en Android con Controles de Voz.",
  institution = "Universidad Politécnica de Victoria",
  year        = "2020",
  type        = "Proyecto Final de la Asignatura Cómputo en Dispositivos Móviles" 
}

%\footnotetext{Cárdenas Castillo Jesús Alfredo, Molina Pastrana Ana Karen, Ramos Lucio Eluis Carlo, Rodríguez Terán Linda Margarita y Vázquez Luna César Jovany.  \textbf{Visión por Computadora para Realidad Aumentada}. Universidad Politécnica de Victoria,  Informe técnico proyecto de asignatura ``Cómputo en Dispositivos Móviles'', 2019. Sin Publicar.}
@techreport{RealidadAumentada_PrimerPrototipo_2019,
  author      = "Jesús Alfredo Cárdenas-Castillo and Ana Karen Molina-Pastrana and, Eluis Carlo Ramos-Lucio and Linda Margarita Rodríguez-Terán and César Jovany Vázquez-Luna",
  title       = "Visión por Computadora para Realidad Aumentada",
  institution = "Universidad Politécnica de Victoria",
  year        = "2019",
  type        = "Proyecto Final de la Asignatura Cómputo en Dispositivos Móviles" 
}

%\footnotetext{Andrés García González, Cristian Aléxis Lazo García, Damaris Mendoza Vázquez.  \textbf{Modelo 3D del Jaguar de la UPV sobre un código QR}. Universidad Politécnica de Victoria,  Informe técnico proyecto de asignatura ``Graficación por Computadora Aavanzada'', 2020. Sin Publicar.}
@techreport{JaguarAplicacionMovil_2020,
  author      = "Andrés García-González and Cristian Aléxis Lazo-García and Damaris Mendoza-Vázquez",
  title       = "Modelo 3D del Jaguar de la UPV sobre un código QR",
  institution = "Universidad Politécnica de Victoria",
  year        = "2020",
  type        = "Informe técnico proyecto de asignatura ``Graficación por Computadora Avanzada''" 
}

%\footnotetext{Héctor Hugo Sandoval Marcelo. \textbf{Movimiento de la Cruz de Malta con Iluminación y Texturas con Java y OpenGL ES 2.0 en Android.}. Universidad Politécnica de Victoria,  Informe técnico proyecto de asignatura ``Graficación por Computadora Avanzada'', 2017. Sin Publicar.}
@techreport{CruzdeMalta_2017,
  author      = "Héctor Hugo Sandoval-Marcelo",
  title       = "Movimiento de la Cruz de Malta con Iluminación y Texturas con Java y OpenGL ES 2.0 en Android",
  institution = "Universidad Politécnica de Victoria",
  year        = "2017",
  type        = "Informe técnico proyecto de asignatura ``Graficación por Computadora Avanzada''" 
}

%\footnotetext{Garcia Garcia Carlos Eduardo, Luna Alvarez Jesus Antonio, Sandoval Marcelo Hector Hugo, Torres Montalvo Jose Eduardo. \textbf{Ajedrez Multijugador}. Universidad Politecnica de Victoria,  Informe tecnico proyecto de asignatura ``Graficacion por Computadora Avanzada'', 2017. Sin Publicar.}
@techreport{Ajedrez3D_2017,
  author      = "Carlos Eduardo Garcia-Garcia and Jesus Antonio Luna-Alvarez and  Hector Hugo Sandoval-Marcelo and Jose Eduardo Torres-Montalvo",
  title       = "Ajedrez Multijugador",
  institution = "Universidad Politécnica de Victoria",
  year        = "2017",
  type        = "Informe técnico proyecto de asignatura ``Graficación por Computadora Avanzada''" 
}

@techreport{Avatar3d_Echartea_2021,
%Cristian Isidro Echartea-De-la-Rosa, Marco Aurelio Nuño-Maganda, Yahir Hernández-Mier
  author      = "Cristian Isidro Echartea-De-la-Rosa, Marco Aurelio Nuño-Maganda, Yahir Hernández-Mier",
  title       = "Mobile Application for Overweight Education",
  institution = "Universidad Politécnica de Victoria",
  year        = "2021",
  type        = "\textit{Artículo en preparación}" 
}

%Froylan Melquiades Wbario Martinez, \textbf{Seguidor de movimientos de Ajedrez}. Universidad Politécnica de Victoria, Informe técnico proyecto de asignatura “Visión por Computadora”, 2021.  En evaluación.}

@techreport{Froylan_VC_2021,
%Cristian Isidro Echartea-De-la-Rosa, Marco Aurelio Nuño-Maganda, Yahir Hernández-Mier
  author      = "Froylan Melquiades Wbario Martinez",
  title       = "Seguidor de movimientos de Ajedrez",
  institution = "Universidad Politécnica de Victoria",
  year        = "2021",
  type        = "Informe técnico proyecto de asignatura ``Visión por Computadora''" 
}

@techreport{RecoridoUPV_controles_2021,
%Cristian Isidro Echartea-De-la-Rosa, Marco Aurelio Nuño-Maganda, Yahir Hernández-Mier
  author      = "Mario Alberto Delarbre-Quintanilla and  Gerardo Loperena-Bustillos and Alejandro Lumbreras-Olvera and Jorge Eduardo Monita-Rodríguez and Christian Alejandro Saldaña-Calderon and Juan Ramiro Soto-Gómez and Claudia Corina Vásquez-Pérez and Hector Yahude Vallejo-Cepeda and Andrea Medrano-Salvidar and Julio Alberto Zuniga-Gallegos and Darianna Carreon-Gomez",
  title       = "Incorporación de Controles de Consola de Video Juego al Recorrido Virtual de la UPV",
  institution = "Universidad Politécnica de Victoria",
  year        = "2021",
  type        = "Informe técnico proyecto de asignatura ``Cómputo en Dispositivos Móviles''" 
}

@techreport{TutorialBlender_Lazo_2020,
%Cristian Isidro Echartea-De-la-Rosa, Marco Aurelio Nuño-Maganda, Yahir Hernández-Mier
  author      = "Christian Alexis Lazo-García",
  title       = "Tutoria de Modelado 3D empleando la herramienta Blender",
  institution = "Universidad Politécnica de Victoria",
  year        = "2020",
  type        = "Informe técnico proyecto de asignatura ``Graficación por Computadora Avanzada''" 
}

%\footnotetext{José Carlos Morin Garcia, Froylán Melquiades Wbario Martinez, Mariela Geeorgina Reyes Fonseca. \textbf{Implementación de Diseño Brazo Robótico}. Universidad Politecnica de Victoria,  Informe tecnico proyecto de asignatura ``Graficacion por Computadora Avanzada'', 2019. Sin Publicar.}

@techreport{BrazoRobot_Morin2019,
%Cristian Isidro Echartea-De-la-Rosa, Marco Aurelio Nuño-Maganda, Yahir Hernández-Mier
  author      = "José Carlos Morin-Garcia and Froylán Melquiades Wbario-Martinez and Mariela Georgina Reyes-Fonseca",
  title       = "Implementación de un Modelo 3D de un Brazo Robótico en una Aplicación Android",
  institution = "Universidad Politécnica de Victoria",
  year        = "2019",
  type        = "Informe técnico proyecto de asignatura ``Graficación por Computadora Avanzada''" 
}


