% Encoding: UTF-8

@Article{u14010494,
AUTHOR = {Caballero-Rico, Frida Carmina and Roque-Hernández, Ramón Ventura and de la Garza Cano, Ricardo and Arvizu-Sánchez, Eduardo},
TITLE = {Challenges for the Integrated Management of Priority Areas for Conservation in Tamaulipas, M\'exico},
JOURNAL = {Sustainability},
VOLUME = {14},
YEAR = {2022},
NUMBER = {1},
ARTICLE-NUMBER = {494},
URL = {https://www.mdpi.com/2071-1050/14/1/494},
ISSN = {2071-1050},
DOI = {10.3390/su14010494}
}

@Article{s20113113,
AUTHOR = {Ullo, Silvia Liberata and Sinha, G. R.},
TITLE = {Advances in Smart Environment Monitoring Systems Using IoT and Sensors},
JOURNAL = {Sensors},
VOLUME = {20},
YEAR = {2020},
NUMBER = {11},
ARTICLE-NUMBER = {3113},
URL = {https://www.mdpi.com/1424-8220/20/11/3113},
ISSN = {1424-8220},
DOI = {10.3390/s20113113}
}

@article{doi:10.1080/11263504.2022.2056648,
author = {Leccinum J. García-Morales and Jesús García-Jiménez and Raúl Contreras-Medina and Othón Alcántara-Ayala and Isolda Luna-Vega},
title = {Diversity, distribution and conservation of the Cactaceae (Caryophyllales) from Tamaulipas, Mexico},
journal = {Plant Biosystems - An International Journal Dealing with all Aspects of Plant Biology},
volume = {156},
number = {6},
pages = {1405-1421},
year  = {2022},
publisher = {Taylor & Francis},
doi = {10.1080/11263504.2022.2056648}
}

@Article{s21124118,
AUTHOR = {Arias-Rodriguez, Leonardo F. and Duan, Zheng and Díaz-Torres, José de Jesús and Basilio Hazas, Mónica and Huang, Jingshui and Kumar, Bapitha Udhaya and Tuo, Ye and Disse, Markus},
TITLE = {Integration of Remote Sensing and Mexican Water Quality Monitoring System Using an Extreme Learning Machine},
JOURNAL = {Sensors},
VOLUME = {21},
YEAR = {2021},
NUMBER = {12},
ARTICLE-NUMBER = {4118},
PubMedID = {34203863},
ISSN = {1424-8220},
DOI = {10.3390/s21124118}
}

@ARTICLE{72460107, 
author = {  Uresti Marín, R. M and Santiago Adame, R and Díaz Moroles, N. E and Gutiérrez Lozano, J and Vázquez, M and Ramírez de León, J. A.}, 
title = { Evaluación preliminar de la presencia de pesticidas organoclorados en pescados de la Presa Vicente Guerrero (Tamaulipas, México) },
year = { 2008 }, 
journal = { Ciencia y Tecnología Alimentaria },
issn = { 1135-8122 },
url = {https://www.redalyc.org/articulo.oa?id=72460107 }
}	    

@article{articleOchoa2015,
author = {Ochoa-Sandoval, Pablo and Requena Lara, Glenda and Carreón, Jacinto and Morales Pacheco, Juan Francisco},
year = {2015},
month = {06},
pages = {},
title = {Uso de un SIG y Google Earth™ para generar un modelo de distribución potencial del bosque de oyamel en Tamaulipas},
volume = {2},
journal = {Revista Latinoamericana el Ambiente y las Ciencias}
}	


@article{LOPEZ2020100369,
title = {Water quality and ecological risk assessment of intermittent streamflow through mining and urban areas of San Marcos River sub-basin, Mexico},
journal = {Environmental Nanotechnology, Monitoring \& Management},
volume = {14},
pages = {100369},
year = {2020},
issn = {2215-1532},
doi = {https://doi.org/10.1016/j.enmm.2020.100369},
url = {https://www.sciencedirect.com/science/article/pii/S2215153220303512},
author = {Elisenda López and Reynaldo Patiño and María L. Vázquez-Sauceda and Roberto Pérez-Castañeda and Leonardo U. Arellano-Méndez and René Ventura and Lorenzo Heyer}
}

@Thesis{OcanasJaguares,
    author      = {Omar Alejandro Ocañas Garcia},
    title       = {Densidad Poblacional de Ocelote Leopardus Pardalis en la Region de la Laguna Madre, Tamaulipas},
    type        = {mathesis}, % mathesis and phdthesis work here
    institution = {Universidad Autónoma de Nuevo León},
    year        = {2019},
}

@article{ortega-huerta_medley_1999, 
title={Landscape analysis of jaguar (Panthera onca) habitat using sighting records in the Sierra de Tamaulipas, Mexico}, 
volume={26}, 
DOI={10.1017/S0376892999000387}, 
number={4}, 
journal={Environmental Conservation}, 
publisher={Cambridge University Press}, 
author={ORTEGA-HUERTA, MIGUEL A. and MEDLEY, KIMBERLY E.}, 
year={1999}, 
pages={257–269}}

@article{10.1093/jmammal/gyab134,
    author = {Lombardi, Jason V and Stasey, W Chad and Caso, Arturo and Carvajal-Villarreal, Sasha and Tewes, Michael E},
    title = "{Ocelot density and habitat use in Tamaulipan thornshrub and tropical deciduous forests in Northeastern México}",
    journal = {Journal of Mammalogy},
    volume = {103},
    number = {1},
    pages = {57-67},
    year = {2021},
    month = {12},
    issn = {0022-2372},
    doi = {10.1093/jmammal/gyab134},
    url = {https://doi.org/10.1093/jmammal/gyab134},
    eprint = {https://academic.oup.com/jmammal/article-pdf/103/1/57/42274363/gyab134.pdf},
}

@article{doi.org/10.1002/ece3.8642,
author = {Lombardi, Jason V. and Haines, Aaron M. and Watts III, G. Wesley and Grassman Jr., Lonnie I. and Janečka, Jan E. and Caso, Arturo and Carvajal, Sasha and Wardle, Zachary M. and Yamashita, Thomas J. and Stasey, W. Chad and Branney, Aidan B. and Scognamillo, Daniel G. and Campbell, Tyler A. and Young Jr, John H. and Tewes, Michael E.},
title = {Status and distribution of jaguarundi in Texas and Northeastern México: Making the case for extirpation and initiation of recovery in the United States},
journal = {Ecology and Evolution},
volume = {12},
number = {3},
pages = {e8642},
keywords = {camera-trap, endangered, extirpation, felid conservation, Puma yagouaroundi, recovery, South Texas, Tamaulipas},
doi = {https://doi.org/10.1002/ece3.8642},
url = {https://onlinelibrary.wiley.com/doi/abs/10.1002/ece3.8642},
eprint = {https://onlinelibrary.wiley.com/doi/pdf/10.1002/ece3.8642},
year = {2022}
}

@article{caso2018confirmed,
  title={Confirmed presence of jaguar, ocelot and jaguarundi in the Sierra of San Carlos, Mexico},
  author={Caso, Arturo and Domínguez, Eferaín},
  journal={CatNews},
  year={2018}
}



@article{articleNipko2020,
author = {Nipko, Robert and Holcombe, Brogan and Kelly, Marcella},
year = {2020},
month = {04},
pages = {},
title = {Identifying Individual Jaguars and Ocelots via Pattern‐Recognition Software: Comparing HotSpotter and Wild‐ID},
volume = {44},
journal = {Wildlife Society Bulletin},
doi = {10.1002/wsb.1086}
}

