@Book{LibroSistDigitales,
author = "John Tocci",
title = "Sistemas Digitales para lentos",
publisher = "Ed. Mc. Graw Hill",
year = "1990"}

@Book{LibroIngSoftware,
author = "Donald Howard",
title = "Ingenieria de Software	",
publisher = "Ed. Mc. Graw Hill",
year = "1990"}

@Article{MarcoNuno2001,
author = "Marco Nuno",
title = "Redes Neuronales",
journal ="IEEE Journal of Computers",
year ="2001"}

@Article{RevistaITSA,
author = "Jose Vargas",
title = "Sistemas Expertos para Invernaderos",
journal ="Revista Evolucion, ITSA",
year ="2001"}
